<?xml version="1.0" encoding="UTF-8"?><collection xmlns="http://www.loc.gov/MARC21/slim"><record><leader>00370nam--2200145-i-4500</leader><controlfield tag="001">000014891</controlfield><controlfield tag="002">20161230</controlfield><controlfield tag="005">20161230201031</controlfield><controlfield tag="008">060222s1000------------r-----000-0-eng-d</controlfield><datafield ind1=" " ind2=" " tag="100"><subfield code="a">Cavailles, Jean</subfield></datafield><datafield ind1=" " ind2=" " tag="245"><subfield code="a">Studii asupra teoriei multimilor</subfield></datafield><datafield ind1=" " ind2=" " tag="260"><subfield code="a">Bucuresti, Editura Stiintifica, 1969</subfield></datafield><datafield ind1=" " ind2=" " tag="300"><subfield code="a">250 p</subfield></datafield><datafield ind1=" " ind2=" " tag="852"><subfield code="a">75829</subfield><subfield code="c">511</subfield></datafield><datafield ind1=" " ind2=" " tag="CAT"><subfield code="a">Sys</subfield><subfield code="c">20080506</subfield><subfield code="h">102104</subfield></datafield></record></collection>